@misc{
    whatisrest,
    author = "Reference",
    title = "What is REST? {[online]}",
    url = "http://whatisrest.com/",
    type = "web page",
    note = "[Cited 2017-04-02]"
}

@misc{
    oauth,
    author = "Reference",
    title = "OAuth 2.0 {[online]}",
    url = "https://oauth.net/2/",
    type = "web page",
    note = "[Cited 2017-04-02]"
}

@misc{
    netcraft,
    author = "Reference",
    title = "Netcraft {[online]}",
    url = "https://news.netcraft.com/archives/2017/03/24/march-2017-web-server-survey.html",
    type = "web page",
    note = "[Cited 2017-04-08]"
}

@misc{
    nginx,
    author = "Reference",
    title = "nginx {[online]}",
    url = "https://nginx.org/en/",
    type = "web page",
    note = "[Cited 2017-04-08]"
}

@misc{
    djangodocs,
    author = "Reference",
    title = "Django documentation  {[online]}",
    url = "https://docs.djangoproject.com/",
    type = "web page",
    note = "[Cited 2017-04-18]"
}

@misc{
    apiary,
    author = "Reference",
    title = "Apiary  {[online]}",
    url = "https://apiary.io/",
    type = "web page",
    note = "[Cited 2017-04-22]"
}

@misc{
    apiblueprint,
    author = "Reference",
    title = "API Blueprint  {[online]}",
    url = "https://apiblueprint.org/",
    type = "web page",
    note = "[Cited 2017-04-22]"
}

@misc{
    pythonvenv,
    author = "Reference",
    title = "Virtual Environments  {[online]}",
    url = "http://python-guide-pt-br.readthedocs.io/en/latest/dev/virtualenvs/",
    type = "web page",
    note = "[Cited 2017-05-05]"
}

@misc{
    fio,
    author = "Reference",
    title = "FIO API BANKOVNICTVÍ  {[online]}",
    url = "https://www.fio.cz/docs/cz/API_Bankovnictvi.pdf",
    type = "web page",
    note = "[Cited 2017-04-28]"
}

@misc{
    coinbase,
    author = "Reference",
    title = "ABOUT COINBASE  {[online]}",
    url = "https://www.coinbase.com/about",
    type = "web page",
    note = "[Cited 2017-05-7]"
}

@BOOK{
    rest,
	title = "Service design patterns: fundamental design solutions for SOAP/WSDL and RESTful web services",
	author = "{\relax DAIGNEAU, Robert}",
	isbn = "978-0-321-54420-9",
	publisher = "Upper Saddle River: Addison-Wesley, c2012. Addison-Wesley signature series",
	year = "2012"
}

@BOOK{
    postgres,
	title = "PostgreSQL: up and running",
	author = "{\relax OBE, Regina Obe and Leo Hsu}",
	isbn = "978-1-449-32633-3",
	publisher = "Sebastopol: O'Reilly, c2012",
	year = "2012"
}

@BOOK{
    django,
	title = "The definitive guide to Django: Web development done right. 2nd ed",
	author = "{\relax HOLOVATY, Adrian and Jacob. KAPLAN-MOSS}",
	isbn = "978-1-4302-1936-1",
	publisher = "Berkeley: Apress, c2009. Expert's voice in Web development.",
	year = "2009"
}

@BOOK{
    unittesting,
	title = "Mastering unit testing using Mockito and JUnit: an advanced guide to mastering unit testing using Mockito and JUnit.",
	author = "{\relax ACHARYA, Sujoy}",
	isbn = "978-1-78398-250-9",
	publisher = "Birmingham, England: Packt Publishing, 2014. Community experience distilled.",
	year = "2014"
}

@BOOK{
    funcreq,
    title={Software Requirements},
    author={\relax Wiegers, K.E. and Beatty, J.},
    isbn={9780735679665},
    lccn={2013942928},
    series={Best practices},
    url={https://books.google.cz/books?id=40lDmAEACAAJ},
    year={2013},
    publisher={Microsoft Press}
}

@BOOK{
    nonfuncreq,
    title={Non-Functional Requirements in Software Engineering},
    author={\relax Chung, L. and Nixon, B.A. and Yu, E. and Mylopoulos, J.},
    isbn={9781461552697},
    series={International Series in Software Engineering},
    url={https://books.google.cz/books?id=MNrcBwAAQBAJ},
    year={2012},
    publisher={Springer US}
}

@BOOK{bitcoin,
    title={Mastering Bitcoin},
    author={\relax Antonopoulos, A.M.},
    isbn={9781449374044},
    lccn={2015413040},
    year={2014},
    publisher={O'Reilly Media, Incorporated}
}

@BOOK{
    dbmodel,
    title={A Guided Tour of Relational Databases and Beyond},
    author={\relax Levene, M. and Loizou, G.},
    isbn={9780857293497},
    lccn={98046727},
    year={2012},
    publisher={Springer London}
}

@BOOK{
    ios1,
    title = {ElateMe - iOS klient I: bakalářská práce.},
    author = {Yegor Terokhin},
    publisher = {Praha: České vysoké učení technické v Praze, Fakulta informačních technologií},
    year = 2017
}
